@book{meyer1988object,
  title={Object-oriented software construction},
  author={Meyer, Bertrand},
  volume={2},
  year={1988},
  publisher={Prentice hall New York}
}

@inproceedings{friedman1984reification,
	title={Reification: Reflection without metaphysics},
	author={Friedman, Daniel P and Wand, Mitchell},
	booktitle={Proceedings of the 1984 ACM Symposium on LISP and functional programming},
	pages={348--355},
	year={1984},
	organization={ACM}
}

@book{kiczales1991art,
	title={The art of the metaobject protocol},
	author={Kiczales, Gregor},
	year={1991},
	publisher={MIT press}
}

@phdthesis{smith1982reflection,
	title={Reflection and semantics in a procedural language},
	author={Smith, Brian Cantwell},
	year={1982},
	school={Massachusetts Institute of Technology, Department of Electrical Engineering and Computer Science}
}